@article{overfitting,
  title={What you see may not be what you get: a brief, nontechnical introduction to overfitting in regression-type models},
  author={Babyak, Michael A},
  journal={Psychosomatic medicine},
  volume={66},
  number={3},
  pages={411--421},
  year={2004},
  publisher={LWW}
}

@inproceedings{tournament,
  title={Comparison of parents selection methods of genetic algorithm for TSP},
  author={Chudasama, Chetan and Shah, SM and Panchal, Mahesh},
  booktitle={International Conference on Computer Communication and Networks CSI-COMNET-2011, Proceedings},
  pages={85--87},
  year={2011}
}

@inproceedings{multipleParents,
 author = {Tsutsui, Shigeyoshi and Yamamura, Masayuki and Higuchi, Takahide},
 title = {Multi-parent Recombination with Simplex Crossover in Real Coded Genetic Algorithms},
 booktitle = {Proceedings of the 1st Annual Conference on Genetic and Evolutionary Computation - Volume 1},
 series = {GECCO'99},
 year = {1999},
 isbn = {1-55860-611-4},
 location = {Orlando, Florida},
 pages = {657--664},
 numpages = {8},
 url = {http://dl.acm.org/citation.cfm?id=2933923.2933986},
 acmid = {2933986},
 publisher = {Morgan Kaufmann Publishers Inc.},
 address = {San Francisco, CA, USA},
} 

@incollection{mutateRate,
  title={An overview of evolutionary computing for multimodal function optimisation},
  author={Roy, Rajkumar and Parmee, Ian C},
  booktitle={Soft Computing in Engineering Design and Manufacturing},
  pages={30--39},
  year={1998},
  publisher={Springer}
}

@book{hiddenLayers,
  title={Introduction to neural networks with Java},
  author={Heaton, Jeff},
  year={2008},
  publisher={Heaton Research, Inc.}
}

@inproceedings{multiParent2,
  title={Genetic algorithms with multi-parent recombination},
  author={Eiben, Agoston E and Raue, P-E and Ruttkay, Zs},
  booktitle={International Conference on Parallel Problem Solving from Nature},
  pages={78--87},
  year={1994},
  organizati
  
  @article{popSize,
  title={Evolutionary algorithms with dynamic population size and local exploration for multiobjective optimization},
  author={Tan, Kay Chen and Lee, Tong Heng and Khor, Eik Fun},
  journal={IEEE Transactions on Evolutionary Computation},
  volume={5},
  number={6},
  pages={565--588},
  year={2001},
  publisher={IEEE}
}

@book{evoAlgIntro,
  title={Evolutionary algorithms in theory and practice: evolution strategies, evolutionary programming, genetic algorithms},
  author={Back, Thomas},
  year={1996},
  publisher={Oxford university press}
}

@article{exploreExploit,
  title={Exploration and exploitation in evolutionary algorithms: A survey},
  author={{\v{C}}repin{\v{s}}ek, Matej and Liu, Shih-Hsi and Mernik, Marjan},
  journal={ACM Computing Surveys (CSUR)},
  volume={45},
  number={3},
  pages={35},
  year={2013},
  publisher={ACM}
}